@misc{gci-2024,
    organization = {ITU Publications},
    title = {Global Cybersecurity Index 2024},
    year = {2024},
    howpublished = {\url{https://www.itu.int/epublications/publication/global-cybersecurity-index-2024}},
}

@misc{veris,
    organization = {VERIS},
    title = {The Vocabulary for Event Recording and Incident Sharing},
    howpublished = {\url{https://verisframework.org/index.html}},
}

@misc{vcdb,
    organization = {VERIS},
    title = {The VERIS Community Database (VCDB)},
    howpublished = {\url{https://verisframework.org/vcdb.html}},
}

@misc{population,
    organization = {WORLD BANK GROUP},
    title = {World Population},
    howpublished = {\url{https://data.worldbank.org/indicator/SP.POP.TOTL?most\_recent\_year\_desc=true}},
}

% US %
@misc{us,
    title = {United States},
    howpublished = {
        \url{https://www.congress.gov},
        \url{https://www.nist.gov},
        \url{https://www.dhs.gov},
        \url{https://www.sec.gov},
        \url{https://www.whitehouse.gov},
        \url{https://en.wikipedia.org/wiki/Investigatory\_Powers\_Act\_2016},
        \url{https://en.wikipedia.org/wiki/National\_Cyber\_Security\_Centre\_\%28United\_Kingdom\%29},
        \url{https://en.wikipedia.org/wiki/Telecommunications\_\%28Security\%29\_Act\_2021},
        \url{https://privacymatters.dlapiper.com/2024/05/uk-new-cyber-security-requirements-for-consumer-products/},
        \url{https://www.skadden.com/insights/publications/2024/10/timeline-set-for-uk-cybersecurity}
    },
}

% Japan %
@misc{jp,
    title = {Japan},
    howpublished = {
        \url{https://www.kantei.go.jp/jp/it/it\_basic\_law/index.html},
        \url{https://www.ppc.go.jp/en/legal/},
        \url{https://www.nisc.go.jp/eng/},
        \url{https://www.mofa.go.jp/policy/page18e\_000015.html},
        \url{https://www.japaneselawtranslation.go.jp/en/laws/view/3677/en},
        \url{https://www.nisc.go.jp/eng/pdf/cs-senryaku2015-en.pdf},
        \url{https://www.nisc.go.jp/eng/pdf/cs-senryaku2018-en.pdf},
        \url{https://www.soumu.go.jp/main\_sosiki/joho\_tsusin/eng/Telecommunications\_Business\_Act.html},
        \url{https://www.nisc.go.jp/eng/pdf/cs-senryaku2021-en.pdf}
    },
}

% China %
@misc{ch,
    title = {China},
    howpublished = {
        \url{https://en.wikipedia.org/wiki/International\_cybercrime},
        \url{https://en.wikipedia.org/wiki/Cybersecurity\_Law\_of\_the\_People\%27s\_Republic\_of\_China},
        \url{https://en.wikipedia.org/wiki/Internet\_censorship\_in\_China},
        \url{https://iapp.org/news/a/
            china-issues-the-regulations-on-network-data-security-management-what-s-important-to-know},
        \url{https://en.wikipedia.org/wiki/Cryptography\_law}
    },
}

% Costa Rica %
@misc{cr,
    title = {Costa Rica},
    howpublished = {
        \url{https://www.micitt.go.cr/sites/default/files/2023-06/
            englishEstrategia-Nacional-de-Ciberseguridad-Costa-Rica.pdf},
        \url{https://www.coe.int/en/web/octopus/country-wiki-ap/-/
            asset\_publisher/CmDb7M4RGb4Z/content/costa-rica/pop\_up}
    },
}

% Namibia %
@misc{nb,
    title = {Namibia},
    howpublished = {
        \url{https://www.coe.int/en/web/octopus/country-wiki-ap/-/asset\_publisher/CmDb7M4RGb4Z/content/namibia/pop\_up},
        \url{https://carnegieendowment.org/research/2024/04/
            a-digital-odyssey-the-convergence-of-rapid-digitization-population-dynamics-and-financial-risk-in-namibia},
        \url{https://www.nmt.africa/uploads/614346b1d2ebb/
            NMTsubmision-Reviewofnationalcybersecuritystrat%2822-27%29.pdf}
    },
}

% UK %
@misc{uk,
    title = {United Kingdom},
    howpublished = {
        \url{https://www.gov.uk/government/collections/investigatory-powers-act},
        \url{https://www.gov.uk/government/publications/
            uk-cyber-security-strategy-protecting-and-promoting-the-nation},
        \url{https://www.gov.uk/government/collections/investigatory-powers},
        \url{https://ico.org.uk/for-organisations/guide-to-the-general-data-protection-regulation-gdpr/},
        \url{https://www.gov.uk/government/collections/network-and-information-systems-regulations},
        \url{https://www.gov.uk/government/collections/telecommunications-security},
        \url{https://www.gov.uk/government/collections/online-safety-bill}
    },
}

% Canada %
@misc{ca,
    title = {Canada},
    howpublished = {
    \url{https://www.priv.gc.ca/en/privacy-topics/privacy-laws-in-canada/pipeda/},
    \url{https://laws-lois.justice.gc.ca/eng/acts/A-11.7/},
    \url{https://www.publicsafety.gc.ca/cnt/cyber/index-en.aspx},
    \url{https://www.publicsafety.gc.ca/cnt/cyber/strgy-en.aspx},
    \url{https://www.cse-cst.gc.ca/en},
    \url{https://www.publicsafety.gc.ca/cnt/cyber/ci-en.aspx},
    \url{https://www.parl.ca/DocumentViewer/en/43-2/bill/C-11/royal-assent},
    \url{https://www.canada.ca/en/services/defence/cybersecurity-strategy.html},
    \url{https://www.canada.ca/en/services/defence/cybersecurity.html},
    \url{https://www.ic.gc.ca/eic/site/125.nsf/eng/00013.html}
    },
}

% World bank %
@misc{it-net-user-zs,
    howpublished = {\url{https://data.worldbank.org/indicator/IT.NET.USER.ZS}},
}

@misc{ny-gdp-mktp-cd,
    howpublished = {\url{https://data.worldbank.org/indicator/NY.GDP.MKTP.CD}},
}

@misc{se-ter-enrr,
    howpublished = {\url{https://data.worldbank.org/indicator/SE.TER.ENRR}},
}
